@book{landau2014guide,
  title={A guide to Monte Carlo simulations in statistical physics},
  author={Landau, David P and Binder, Kurt},
  year={2014},
  publisher={Cambridge university press}
}

@book{kenzel1997physics,
  title={Physics by computer},
  author={Kenzel, Wolfgang and Reents, Georg and Clajus, Martin and Freeland-Clajus, Beverly},
  year={1997},
  publisher={Springer-Verlag New York, Inc.}
}

@book{strogatz2014nonlinear,
  title={Nonlinear dynamics and chaos: with applications to physics, biology, chemistry, and engineering},
  author={Strogatz, Steven H},
  year={2014},
  publisher={Westview press}
}

@article{ising1925beitrag,
  title={Beitrag zur theorie des ferromagnetismus},
  author={Ising, Ernst},
  journal={Zeitschrift f{\"u}r Physik A Hadrons and Nuclei},
  volume={31},
  number={1},
  pages={253--258},
  year={1925},
  publisher={Springer}
}

@unpublished{cai20011Handout,
  author = {Cai, Wei},
  title = {Handout 12. Ising Model},
  year = {2011},
  month = {2},
  url = {http://micro.stanford.edu/~caiwei/me334/Chap12_Ising_Model_v04.pdf}
}